This file was created with JabRef 1.6.
Encoding: ISO8859_1

@TECHREPORT{ip-lehd-brb,
  author = {Hyowook Chiang and Kristin Sandusky and Lars Vilhuber},
  title = {{LEHD} {B}usiness {R}egister {B}ridge Technical Documentation},
  institution = {U.S. Census Bureau - LEHD},
  year = {2005},
  type = {Internal Document},
  number = {IP-LEHD-BRB},
  owner = {vilhuber},
}

@TECHREPORT{ip-lehd-ecf,
  author = {Kevin McKinney and Lars Vilhuber},
  title = {{LEHD}-{ECF} Technical Documentation},
  institution = {U.S. Census Bureau - LEHD},
  year = {2005},
  type = {Internal Document},
  number = {IP-LEHD-ECF},
  owner = {vilhuber},
}

