Data descriptions and manuals
		  
		  
@TechReport{Freed97,
  author = 	 "Marcia Freed and John Brice and Nick Buck and Elaine
		  Prentice", 
  title = 	 "British {H}ousehold {P}anel {S}urvey {U}ser Manual, {V}olume {A}:
		  Introduction", 
  institution =  "University of Essex",
  year = 	 1997,
  type =	 "Technical Report",
  mylibrary =	 "http://www.irc.essex.ac.uk/bhps/doc/index.htm"
}

@Book{nts91,
  title = 	 "National training survey",
  author = "{Canadian Labour Market and Productivity Centre}",
  address =	 "Ottawa",
  year =	 1993,
  mylibrary =	 "HD 5715.5 C2 N38 1993 "
}

@Book{snf91,
  author = "{Centre canadien du march{\'e} du travail et de la
		  productivit{\'e} }",
  key = "{Centre canadien du march{\'e} du travail}",
  title = 	 "Sondage National sur la formation ",
  year = 	 1993,
  address =	 "Ottawa",
  mylibrary =	 "HD 5715.5 C2 N38 1993 "
}

@TechReport{burkhauser91,
  author = 	 "Richard V. Burkhauser",
  title = 	 "An Introduction to the {G}erman {S}ocio-{E}conomic
		  {P}anel for {E}nglish speaking researchers",
  institution =  "Syracuse University",
  year = 	 1991,
  type =	 "Cross-National Studies in Aging Program Project Paper",
  number =	 1,
  comment   = 	 "Explains GSOEP structure, access."

}

@Article{gsoep2,
  author = 	 "Gert Wagner and Richard V. Burkhauser and Fredericke
		  Behringer ",
  title = 	 "The {E}nglish language public use file of the {G}erman
		  {S}ocio-{E}conomic {P}anel",
  journal =	 "Journal of Human Resources",
  year =	 1993,
  volume =	 28,
  pages =	 "429-433",
  comment =	 "Explains GSOEP structure, access."
}

@Book{aets94,
  author = "{Statistics Canada}",
  key = "Statistics Canada",
  title = 	 "Adult education and training in {C}anada : {R}eport of the
                        1994 {A}dult {E}ducation and {T}raining {S}urvey",
  publisher = 	 "Human Resources Development Canada, and  Statistics Canada",
  year = 	 1997,
  address =	 "Ottawa",
  keywords =	 "eats training Canada",
  abstract =	 " ",
  mylibrary =	 "CAN1 CS8.5 81-583"
}

