



@string{educ = "Economics of Education Review"}

@Article{psachalam91,
  author = 	 "George Psacharopoulos and Asad Alam",
  title = 	 "Earnings and Education in Venezuela: An Update from
		  the 1987 Household Survey",
  journal =	 educ,
  year =	 1991,
  volume =	 10,
  number =	 1,
  pages =	 "29-36",
  annote =	 "returns to education"
}

@Article{psachkugler,
  author = 	 "George Psacharopoulos and Bernardo Kugler",
  title = 	 "Earnings and Education in Argentina: An Analysis of
		  the 1985 Buenos Aires Household Survey",
  journal =	 educ,
  year =	 1989,
  volume =	 8,
  number =	 4,
  pages =	 "353-65",
  annote =	 "returns to education"
}
