%%%%% This file compiled by Lars Vilhuber
		  (vilhubel@ere.umontreal.ca). Contains refs to
		  literature on immigration in labor economics. 

		  Complements ecn6523.bib. 

		  Needs abbrev.bib for journal names. 

LITERATURE ON IMMIGRATION


@Article{Borjas87,
  author = 	 "Borjas, George J.",
  title = 	 "Self-Selection and the Earnings of Immigrants",
  journal =	 AER,
  year =	 1987,
  volume =	 77,
  pages =	 "531-553",
  annote =	 "Immigration"
}

@Article{Card90,
  author = 	 "David Card",
  title = 	 "The Impact of the Mariel Boatlift on the Miami Labor Market",
  journal =	 "Industrial and Labor Relations Review",
  year =	 1990,
  volume =	 43,
  number =	 2,
  pages =	 "235-257",
  annote =	 "Immigration"
}

@Book{HandbookDevelopment,
  author = 	 "machin, machin",
  title = 	 "Handbook of Development Economics",
  publisher = 	 "North Holland",
  year = 	 1976,
  address =	 "Amsterdam",
  annote =	 "Immigration"
}

@Book{abowdfreeman91,
  author = 	 "John M. Abowd and Richard B. Freeman",
  booktitle = 	 "Immigration, Trade, and the Labor Market",
  title = 	 "Immigration, Trade, and the Labor Market",
  publisher = 	 "University of Chicago Press",
  year = 	 1991,
  editor =	 "John M. Abowd and Richard B. Freeman",
  address =	 "Chicago",
  annote =	 "immigrant performance"
}
@Article{bakerbenjamin94,
  author = 	 "Michael Baker and Dwayne Benjamin",
  title = 	 "The Performance of Immigrants in the Canadian Labor
		  Market",
  journal =	 jle,
  year =	 1994,
  volume =	 12,
  number =	 3,
  pages =	 "369-405",
  annote =	 "immigrant performance"
}

@InCollection{bloomgunderson91,
  author = 	 "David E. Bloom and Morley Gunderson",
  title = 	 "An Analysis of the Earnings of Canadian Immigrants",
  crossref =	 "abowdfreeman91",
  note =         "not read!" 
}

@Article{borjas85,
  author = 	 "Borjas, George J. ",
  title = 	 "Assimilation, Changes in Cohort Quality, and the
		  Earnings of Immigrants",
  journal =	 jle,
  year =	 1985,
  volume =	 3,
  number =	 4,
  pages =	 "463-89",
  annote =	 "Immigration"
}

@Article{borjas94,
  author = 	 "Borjas, George J. ",
  title = 	 "The Economics of Immigration",
  journal =	 jel,
  year =	 1994,
  volume =	 32,
  number =	 4,
  pages =	 "1667-1717",
  annote =	 "Immigration"
}

@Book{borjasfreeman92,
  editor = 	 "George J. Borjas and Richard B. Freeman",
  author = 	 "George J. Borjas and Richard B. Freeman",
  booktitle = 	 "Immigration and the Work Force",
  title = 	 "Immigration and the Work Force",
  address =	 "Chicago",
  publisher = 	 "University of Chicago Press",
  year = 	 1992
}


@Article{chiswick78,
  author = 	 "Barry R. Chiswick",
  title = 	 "The Effect of Americanization on the Earnings of
		  Foreign-born Men",
  journal =	 jpe,
  year =	 1978,
  volume =	 86,
  number =	 5,
  pages =	 "897-921",
  annote =	 "Immigration"
}

@InCollection{chiswick86,
  author = 	 "Chiswick, Barry R.",
  title = 	 "Human capital and the labor market adjustment of
		  immigrants: testing alternative hypotheses",
  crossref =     "stark86",
  annote =	 "Immigration"
}

@Article{fieldsshultz,
  author = 	 "Fields, G. and Schultz, T.P.",
  title = 	 "Income generating functions in a low income country: Colombia",
  journal =	 "Review of Income and Wealth",
  year =	 28,
  pages =	 "71-87",
  annote =	 "Immigration"
}



@Article{heckmanhotz86,
  author = 	 "Heckman, James and Hotz, V. Joseph",
  title = 	 "An Investigation of the Labor Market Earnings of
		  Panamanian Males - Evaluating the Sources of Inequality",
  journal =	 "Journal of Human Resources",
  year =	 21,
  volume =	 4,
  pages =	 "507-42",
  annote =	 "Immigration"
}





@InCollection{jasso86,
  author = 	 "Jasso, Guillermina and Rosenzweig, Mark R.",
  title = 	 "What's in a name? Country-of-origin influences on
		  the earnings of immigrants in the United States",
  crossref =	 "stark86",
  annote =	 "Immigration"
}


@InCollection{lalondetopel92,
  author = 	 "Robert J. Lalonde and Robert H. Topel",
  title = 	 "The Assimilation of Immigrants in the U.S. Labor Market",
  crossref =	 "borjasfreeman92",
  note =         "not read!" 
}

@Book{piore79,
  author = 	 "Piore, Michael J.",
  title = 	 "Birds of passage. Migrant labor and industrial societie",
  publisher = 	 "Cambridge University Pres",
  year = 	 1979,
  address =	 "Cambridge, UK",
  annote =	 "Immigration"
}

@Book{psach1,
  author = 	 "Psacharopoulos, George",
  title = 	 "Returns to education",
  publisher = 	 "Jossy Bass - Elsevier",
  year = 	 1973,
  address =	 "San Francisco, CA",
  annote =	 "Immigration"
}

@Article{psach2,
  author = 	 "Psacharopoulos, George",
  title = 	 "Returns to education: A further international update
		  and  implication",
  journal =	 "Journal of Human Resources",
  year =	 1985,
  volume =	 20,
  number =       4,
  pages =	 "583-604",
  annote =	 "Immigration"
}

@TechReport{schmidt92,
  author = 	 "Schmidt, Christoph M.",
  title = 	 "The earnings dynamics of immigrant labor",
  institution =  "Ludwigs-Maximilians-Universit{\"a}t M{\"u}nchen",
  year = 	 1992,
  number =	 "92-28",
  type =         "Discussion paper",
  annote =         "Immigration"
}


@TechReport{shultz83,
  author = 	 "Schultz, T.P.",
  title = 	 "Migrant behavior and the effects of regional prices:
		  Aspects of migrant selection in Colombia",
  institution =  "Yale Economic Growth Center",
  year = 	 1983,
  type =	 "Discussion paper",
  number =	 443,
  annote =	 "Immigration"
}


@InBook{shultz88,
  author = 	 "Schultz, T.P. ",
  title = 	 "Education Investments and Returns",
  chapter = 	 13,
  crossref =	 "HandbookDevelopment",
  annote =	 "Immigration"
}


@Book{stark86,
  author = 	 "Stark, Oded",
  title = 	 "Migration, Human Capital and Development",
  booktitle = 	 "Migration, Human Capital and Development",
  publisher = 	 "JAI Press",
  year = 	 1986,
  address =	 "Greenwich, CT",
  annote =	 "Immigration"
}

@Book{stark91,
  author = 	 "Stark, Oded ",
  title = 	 "The Migration of Labor",
  publisher = 	 "Basil Blackwell",
  year = 	 1991,
  address =	 "Oxford, UK and Cambridge, USA",
  annote =	 "Immigration"
}



