This file was created with JabRef 1.4.

@TECHREPORT{tp-2002-14,
  author = {John Abowd and John Haltiwanger and Ron Jarmin and Julia Lane and Paul Lengermann and Kristin McCue and Kevin McKinney and Kristin Sandusky},
  title = {The Relation among Human Capital, Productivity and Market Value: Building Up from Micro Evidence },
  institution = {LEHD, U.S. Census Bureau},
  year = {2002},
  type = {Technical paper},
  number = {TP-2002-14},
  pdf = {L/LEHD/tp-2002-14.pdf},
}

@TECHREPORT{tp-2002-21,
  author = {John M. Abowd},
  title = {Unlocking the Information in Integrated Social Data },
  institution = {LEHD, U.S. Census Bureau},
  year = {2002},
  type = {Technical paper},
  number = {TP-2002-21},
  pdf = {L/LEHD/tp-2002-21.pdf},
}

@TECHREPORT{tp-2002-06,
  author = {John M. Abowd and Robert H. Creecy and Francis Kramarz},
  title = {Computing Person and Firm Effects Using Linked Longitudinal Employer-Employee Data},
  institution = {LEHD, U.S. Census Bureau},
  year = {2002},
  type = {Technical paper},
  number = {TP-2002-06},
  pdf = {L/LEHD/tp-2002-06.pdf},
}

@TECHREPORT{tp-2001-03,
  author = {John M. Abowd and John Haltiwanger and Julia I. Lane and Kristin Sandusky},
  title = {Within and Between Firm Changes in Human Capital, Technology, and Productivity},
  institution = {LEHD, U.S. Census Bureau},
  year = {2001},
  type = {Technical paper},
  number = {TP-2002-03},
  pdf = {L/LEHD/tp-2001-03.pdf},
}

@TECHREPORT{tp-2002-09,
  author = {John M. Abowd and Paul A. Lengermann and Kevin L. McKinney},
  title = {The Measurement of Human Capital in the {U.S.} Economy},
  institution = {LEHD, U.S. Census Bureau},
  year = {2002},
  type = {Technical paper},
  number = {TP-2002-09},
  pdf = {L/LEHD/tp-2002-09.pdf},
}

@TECHREPORT{tp-2002-13,
  author = {John M. Abowd and Paul A. Lengermann and Lars Vilhuber},
  title = {The Creation of the Employment Dynamics Estimates},
  institution = {LEHD, U.S. Census Bureau},
  year = {2002},
  type = {Technical paper},
  number = {TP-2002-13},
  pdf = {L/LEHD/tp-2002-13.pdf},
}

@TECHREPORT{tp-2002-02,
  author = {John M. Abowd and Paul Lengermann and Kevin L. McKinney},
  title = {Changing the Boundaries of the Firm: {C}hanges in the Clustering of Human Capital},
  institution = {LEHD, U.S. Census Bureau},
  year = {2002},
  type = {Technical paper},
  number = {TP-2002-02},
  pdf = {L/LEHD/tp-2002-02.pdf},
}

@TECHREPORT{tp-2002-17,
  author = {John M. Abowd and Lars Vilhuber},
  title = {The Sensitivity of Economic Statistics to Coding Errors in Personal Identifiers},
  institution = {LEHD, U.S. Census Bureau},
  year = {2002},
  type = {Technical paper},
  number = {TP-2002-17},
  pdf = {L/LEHD/tp-2002-17.pdf},
}

@TECHREPORT{tp-2002-12,
  author = {Fredrik Andersson and Harry J. Holzer and Julia I. Lane},
  title = {The interactions of workers and firms in the low-wage labor market},
  institution = {LEHD, U.S. Census Bureau},
  year = {2002},
  type = {Technical paper},
  number = {TP-2002-12},
  pdf = {L/LEHD/tp-2002-12.pdf},
}

@TECHREPORT{tp-2003-09,
  author = {Gary Benedetto and John Haltiwanger and Julia Lane and Kevin McKinney},
  title = {Using Worker Flows in the Analysis of the Firm },
  institution = {LEHD, U.S. Census Bureau},
  year = {2003},
  type = {Technical paper},
  number = {TP-2003-09},
  pdf = {L/LEHD/tp-2003-09.pdf},
}

@TECHREPORT{tp-2002-18,
  author = {Audra Bowlus and Lars Vilhuber},
  title = {Displaced workers, early leavers, and re-employment wages},
  institution = {LEHD, U.S. Census Bureau},
  year = {2002},
  type = {Technical paper},
  number = {TP-2002-18},
  pdf = {L/LEHD/tp-2002-18.pdf},
}

@TECHREPORT{tp-2003-06,
  author = {Anja Decressin and Julia Lane and Kristin McCue and and Martha Stinson},
  title = {Employer-Provided Benefit Plans, Workforce Composition and Firm Outcomes },
  institution = {LEHD, U.S. Census Bureau},
  year = {2003},
  type = {Technical paper},
  number = {TP-2003-06},
  pdf = {L/LEHD/tp-2003-06.pdf},
}

@TECHREPORT{tp-2003-05,
  author = {Anja Decressin and Kristin McCue and and Martha Stinson},
  title = {Describing the Form 5500-Business Register Match },
  institution = {LEHD, U.S. Census Bureau},
  year = {2003},
  type = {Technical paper},
  number = {TP-2003-05},
  pdf = {L/LEHD/tp-2003-05.pdf},
}

@TECHREPORT{tp-2003-08,
  author = {Fredrik Andersson, Harry J. Holzer and Julia I. Lane},
  title = {Worker Advancement in the Low-Wage Labor Market: The Importance of Good Jobs },
  institution = {LEHD, U.S. Census Bureau},
  year = {2003},
  type = {Technical paper},
  number = {TP-2003-08},
  pdf = {L/LEHD/tp-2003-08.pdf},
}

@TECHREPORT{tp-2004-01,
  author = {Amos Golan and Julia I. Lane and Erika McEntarfer},
  title = {The Dynamics of Worker Reallocation: A Markov Approach },
  institution = {LEHD, U.S. Census Bureau},
  year = {2004},
  type = {Technical paper},
  number = {TP-2004-01},
  pdf = {L/LEHD/tp-2004-01.pdf},
}

@TECHREPORT{tp-2001-02,
  author = {Harry J. Holzer and Julia I. Lane and Lars Vilhuber and Henry Jackson and George Putnam},
  title = {Escaping poverty for low-wage workers: {T}he role of employer characteristics and changes},
  institution = {LEHD, U.S. Census Bureau},
  year = {2001},
  type = {Technical paper},
  number = {TP-2001-02},
  pdf = {L/LEHD/tp-2001-02.pdf},
}

@TECHREPORT{tp-2003-10,
  author = {Julia Lane},
  title = {Synthetic Data and Confidentiality Protection },
  institution = {LEHD, U.S. Census Bureau},
  year = {2003},
  type = {Technical paper},
  number = {TP-2003-10},
  pdf = {L/LEHD/tp-2003-10.pdf},
}

@TECHREPORT{tp-2002-03,
  author = {Julia Lane and staff from LEHD Program},
  title = {New Uses of Health and Pension Information: {T}he 5500 file at the {C}ensus {B}ureau},
  institution = {LEHD, U.S. Census Bureau},
  year = {2002},
  type = {Technical paper},
  number = {TP-2002-03},
  pdf = {L/LEHD/tp-2002-03.pdf},
}

@TECHREPORT{tp-2002-10,
  author = {Paul A. Lengermann},
  title = {Is it Who You Are, Where You Work, or With Whom You Work? {R}eassessing the Relationship Between Skill Segregation and Wage Inequality},
  institution = {LEHD, U.S. Census Bureau},
  year = {2002},
  type = {Technical paper},
  number = {TP-2002-10},
  pdf = {L/LEHD/tp-2002-10.pdf},
}

@TECHREPORT{tp-2002-11,
  author = {Paul A. Lengermann and Lars Vilhuber},
  title = {Abandoning the Sinking Ship: {T}he Composition of Worker Flows Prior to Displacement},
  institution = {LEHD, U.S. Census Bureau},
  year = {2002},
  type = {Technical paper},
  number = {TP-2002-11},
  pdf = {L/LEHD/tp-2002-11.pdf},
}

@TECHREPORT{tp-2002-04,
  author = {Kevin McKinney},
  title = {Successor/Predecessor Firms},
  institution = {LEHD, U.S. Census Bureau},
  year = {2002},
  type = {Technical paper},
  number = {TP-2002-04},
  pdf = {L/LEHD/tp-2002-04.pdf},
}

@TECHREPORT{tp-2003-07,
  author = {Marc Roemer},
  title = {Origin-Destination Matrix and Block Characteristics Files: Prototype developed for the {B}ureau of {T}ransportation {S}tatistics},
  institution = {LEHD, U.S. Census Bureau},
  year = {2003},
  type = {Technical paper},
  number = {TP-2003-07},
  pdf = {L/LEHD/tp-2003-07.pdf},
}

@TECHREPORT{tp-2002-22,
  author = {Marc Roemer},
  title = {Using Administrative Earnings Records to Assess Wage Data Quality in the March Current Population Survey and the Survey of Income and Program Participation },
  institution = {LEHD, U.S. Census Bureau},
  year = {2002},
  type = {Technical paper},
  number = {TP-2002-22},
  pdf = {L/LEHD/tp-2002-22.pdf},
}

@TECHREPORT{tp-2002-16,
  author = {David W. Stevens},
  title = {Employment that is not covered by state unemployment insurance laws},
  institution = {LEHD, U.S. Census Bureau},
  year = {2002},
  type = {Technical paper},
  number = {TP-2002-16},
  pdf = {L/LEHD/tp-2002-16.pdf},
}

@TECHREPORT{tp-2002-23,
  author = {Martha Stinson},
  title = {Estimating the Relationship between Employer-Provided Health Insurance, Worker Mobility, and Wages },
  institution = {LEHD, U.S. Census Bureau},
  year = {2002},
  type = {Technical paper},
  number = {TP-2002-23},
  pdf = {L/LEHD/tp-2002-23.pdf},
}

@TECHREPORT{tp-2002-24,
  author = {Martha Stinson},
  title = {Estimating Measurement Error in {SIPP} Annual Job Earnings: {A} Comparison of {C}ensus Survey and {SSA} Administrative Data},
  institution = {LEHD, U.S. Census Bureau},
  year = {2002},
  type = {Technical paper},
  number = {TP-2002-24},
  pdf = {L/LEHD/tp-2002-24.pdf},
}

@TECHREPORT{tp-2000-01,
  author = {Lars Vilhuber and Robert Pedace},
  title = {Longitudinal analysis of SSN response on SIPP 1990-1993 panels Your subtitle here},
  institution = {LEHD, U.S. Census Bureau},
  year = {2000},
  type = {Technical paper},
  number = {TP-2000-01},
  pdf = {L/LEHD/tp-2000-01.pdf},
}

@TECHREPORT{tp-2002-19,
  author = {Simon D Woodcock},
  title = {Modeling Labor Markets with Heterogeneous Agents and Matches},
  institution = {LEHD, U.S. Census Bureau},
  year = {2002},
  type = {Technical paper},
  number = {TP-2002-19},
  pdf = {L/LEHD/tp-2002-19.pdf},
}

@TECHREPORT{tp-2002-20,
  author = {Simon D Woodcock},
  title = {Agent Heterogeneity and Learning: An Application to Labor Markets},
  institution = {LEHD, U.S. Census Bureau},
  year = {2002},
  type = {Technical paper},
  number = {TP-2002-20},
  pdf = {L/LEHD/tp-2002-20.pdf},
}

@comment{jabref-meta: selector_journal:}

@comment{jabref-meta: selector_keywords:}

@comment{jabref-meta: selector_publisher:}

