%%%%% This file compiled by Lars Vilhuber
		  (vilhubel%ere.umontreal.ca). Contains refs on
		  repeated games.

		  Needs abbrev.bib for journal names. 


Literature for Repeated Games - type Green and Porter




@TechReport{BagwellStaiger95,
  author = 	 "Kyle Bagwell and Robert W. Staiger",
  title = 	 "Collusion over the business cycle",
  institution =  "NBER",
  year = 	 1995,
  type =	 "Working Paper",
  number =	 5056,
  keywords =	 "repeated games"
}




@Article{Domowitz87,
  author = 	 "Ian Domowitz and R. Glenn Hubbard and Bruce C. Petersen",
  title = 	 "Oligopoly Supergames: Some Empirical Evidence on
		  Prices and margins",
  journal =	 "Journal of Industrial Economics",
  year =	 1987,
  volume =	 35,
  number =	 4,
  pages =	 "379-98",
  keywords =	 "repeated games"
}



@Article{EspinosaRhee,
  author = 	 "Maria Paz Espinosa and Changyong Rhee",
  title = 	 "Efficient Wage Bargaining as a Repeated Game",
  journal =	 qje,
  year =	 1989,
  volume =	 104,
  number =	 3,
  pages =	 "565-88",
  keywords =	 "repeated games"
}
@Article{Friedman71,
  author = 	 "James W. Friedman",
  title = 	 "A Non-Cooperative Equilibrium for Supergames",
  journal =	 restud,
  year =	 1971,
  volume =	 38,
  pages =	 "1-12",
  keywords =	 "repeated games Folk Theorem"
}



@Article{GreenPorter84,
  author = 	 "Edward J. Green and Robert H. Porter",
  title = 	 "Noncooperative collusion under Imperfect Price Information",
  journal =	 "Econometrica",
  year =	 1984,
  volume =	 52,
  pages =	 "87-100",
  keywords =	 "repeated games"
}

@Article{HaltiwangerHarrington,
  author = 	 "John Haltiwanger and Joseph E. H{arrington, Jr.}",
  title = 	 "the impact of cyclical demand movements on collusive behavior",
  journal =	 "RAND Journal of Economics",
  year =	 1991,
  volume =	 22,
  number =	 1,
  pages =	 "89-106",
  month =	 "Spring",
  keywords =	 "repeated games"
}
@Article{HermalinKatz,
  author = 	 "Benjamin E. Hermalin and Michael L. Katz",
  title = 	 "Moral Hazard and Verifiability: The Effects of
		  Renegotiation in Agency",
  journal =	 econ,
  year =	 1991,
  volume =	 59,
  number =	 6,
  pages =	 "1735-53",
  keywords =	 "reneg in agency, non-repeat"
}

@Article{HubermanKahn,
  author = 	 "G. Huberman and M. Kahn",
  title = 	 "Limited Contract Enforcement and Strategic Renegotiation",
  journal =	 aer,
  year =	 1988,
  volume =	 78,
  pages =	 "???-???",
  keywords =	 "reneg in agency, non-repeat"
}

@Article{Kandori91,
  author = 	 "Michihiro Kandori",
  title = 	 "Correlated Demand Shocks and Price Wars during Booms",
  journal =	 restud,
  year =	 1991,
  volume =	 58,
  number =	 1,
  pages =	 "171-80",
  keywords =	 "repeated games"
}

@Article{Klemperer89,
  author = 	 "Paul Klemperer",
  title = 	 "Price Wars caused by switching costs",
  journal =	 restud ,
  year =	 1989,
  volume =	 56,
  number =	 3,
  pages =	 "405-20",
  keywords =	 "repeated games"
}


@Article{RotembergSaloner86,
  author = 	 "Julio J. Rotemberg and Garth Saloner",
  title = 	 "A supergame-Theoretic Model of Price Wars during Booms",
  journal =	 AER,
  year =	 1986,
  volume =	 76,
  number =	 3,
  pages =	 "390-407",
  keywords =	 "repeated games"
}
@Article{aps86,
  author = 	 "Abreu, Dilip and Pearce, David and Stacchetti, Ennio",
  title = 	 "Optimal Cartel Equilibria with Imperfect Monitoring",
  journal =	 JET,
  year =	 1986,
  volume =	 39,
  number =	 1,
  pages =	 "251-69",
  month =	 "June",
  keywords =	 "repeated games"
}

@Article{aps90,
  author = 	 "Abreu, Dilip and Pearce, David and Stacchetti, Ennio",
  title = 	 "Toward a Theory of Discounted Repeated Games with
		  Imperfect Monitoring",
  journal =	 Econ,
  year =	 1990,
  volume =	 58,
  number =	 5,
  pages =	 "1041-63",
  month =	 "September",
  keywords =	 "repeated games"
}


@Article{aps93,
  author = 	 "Abreu, Dilip and Pearce, David and Stacchetti, Ennio",
  title = 	 "Renegotiation and Symmetry in Repeated Games",
  journal =	 "Journal of Economic Theory",
  year =	 1993,
  volume =	 60,
  number =	 2,
  pages =	 "217-40",
  month =	 "August",
  keywords =	 "repeated games"
}


@Article{dewatripont89,
  author = 	 "Mathias Dewatripont",
  title = 	 "Renegotiation and information revelation over time:
		  The  case of optimal labor contracts",
  journal =	 QJE,
  year =	 1989,
  pages =	 "589-619",
  month =	 aug,
  keywords =	 "optimal labor contracts"
}






